@book{schwarz_skilled_2002,
	title = {The {Skilled} {Facilitator}: {A} {Comprehensive} {Resource} for {Consultants}, {Facilitators}, {Managers}, {Trainers}, and {Coaches}},
	isbn = {978-0787947231},
	urldate = {2015-04-19},
	publisher = {Jossey-Bass},
	author = {Schwarz, Roger},
	pages = {17-34},
	year = {2002}
}

@misc{MyersBriggs,
    author = {Sivilforsvaret},
    title = {Personlighetstyper - {Myers-Briggs} {Type} {Indikator}},
    url = {http://www.sivilforsvaret.no/Global/SFD-distrikter/Nord-Trondelag/dokumenter/Tester%20-%20Myers_Briggs.pdf},
    urldate = {2015-04-25}
}

@misc{16personalities,
	title = {Our {Theory} {\textbar} {16Personalities}},
	url = {http://www.16personalities.com/articles/our-theory},
	urldate = {2015-04-25},
}

@misc{scrum,
	title = {Scrum},
	url = {http://en.wikipedia.org/wiki/Scrum\_\%28software\_development\%29},
	urldate = {2015-04-25},
}

@book{johnson_joining,
	edition = {11th},
	title = {Joining {Together}: {Group} {Theory} and {Group} {Skills}},
	isbn = {9780132678131},
	publisher = {Pearson},
	author = {Johnson, David H. and Johnson, Frank},
	year = {2013}
}

@misc{groupthink,
    author = {Store norske leksikon},
	title = {Groupthink},
	url = {https://snl.no/groupthink%2Fpsykologi},
	urldate = {2015-04-27}
}

@book{wheelan_creating_2012,
	title = {Creating {Effective} {Teams}: {A} {Guide} for {Members} and {Leaders}},
	isbn = {9781452217079},
	publisher = {SAGE},
	author = {Wheelan, Susan A.},
	year = {2012}
}